@article{a_study_on_overfitting_in_deep_reinforcement_learning,
  author  = {Zhang, Chiyuan et al},
  title   = {A Study on Overfitting in Deep Reinforcement Learning},
  year    = {2018},
  journal = {Arxiv},
  pages   = {25}
}

@article{ai_in_human-computer_gaming,
  author  = {Qiyue, Yin et al},
  title   = {AI in Human-computer Gaming: Techniques, Challenges and Opportunities},
  year    = {2021},
  journal = {arxiv},
  pages   = {14}
}

@article{an_adaptive_game_ai_architecture,
  author  = {Carneiro, Emanual M. and Cunha, Adilson M.},
  title   = {An Adaptive Game AI Architecture},
  year    = {2014},
  journal = {Instituto Tecnológico da Aeronáutica},
  pages   = {5}
}

@article{an_evaluation_of_the_unity_machine_learning_agents_toolkit,
  author  = {Hanski, Jari and Kaan Baris, Biçak},
  title   = {An Evaluation of the Unity Machine Learning Agents Toolkit in Dense and Sparse Reward Video Game Environments},
  year    = {2021},
  journal = {Uppsala Universitet},
  pages   = {37}
}

@article{artificial_intelligence_for_video_game_visualization,
  author  = {Yueliang, Wu and Aolong, Yi and Chengcheng, Ma and Ling Chen},
  title   = {Artificial intelligence for video game visualization, advancements, benefits and challenges},
  year    = {2023},
  journal = {Mathematical Biosciences and Engineering},
  pages   = {29}
}

@article{behavior_tress_in_robotics_and_ai,
  author  = {Colledanchise, Michele and Ogren, Petter},
  title   = {Behavior Trees in Robotics and AI},
  year    = {2022},
  journal = {arxiv},
  pages   = {198}
}

@article{deep_learning_black_box_problem,
  author  = {Hussain, Jabbar},
  title   = {Deep Learning Black Box Problem},
  year    = {2019},
  journal = {Uppsala Universitet},
  pages   = {40}
}

@article{dota_2_with_large_scale_deep_reinforcement_learning,
  author  = {Berner, Christopher et al},
  title   = {Dota 2 with Large Scale Deep Reinforcement Learning},
  year    = {2019},
  journal = {arxiv},
  pages   = {66}
}

@article{finite_state_machine_in_game_development,
  author  = {Jagdale, Devang},
  title   = {Finite State Machine in Game Development},
  year    = {2021},
  journal = {IJARSCT},
  pages   = {8}
}

@article{implementation_of_behavior_tree_in_halo_2,
  author  = {Fakhri Nail Wibowo},
  title   = {Implementation of Behavior Tree in Halo 2},
  year    = {2021},
  journal = {Program Studi Teknik Informatika},
  pages   = {6}
}

@article{machine_learning_in_digital_games:_a_survey,
  author  = {Galway, Leo and Charles, Darryl and Black, Michaela},
  title   = {Machine learning in digital games: a survey},
  year    = {2009},
  journal = {Springer},
  pages   = {40}
}

@book{programming_game_ai_by_example,
  author    = {Buckland, Mat},
  title     = {Programming Game AI by Example},
  year      = {2005},
  publisher = {Wordware Publishing, Inc},
  address   = {2023 Los Rios Boulevard, Plano, Texas}
}

@article{recent_research_on_ai_in_games,
  author  = {Xia, Boming and Xiaozhen, Ye},
  title   = {Recent Research on AI in Games},
  year    = {2020},
  journal = {IEEE},
  pages   = {7}
}

@book{unity_artificial_intelligence_programming,
  author    = {Aversa, Davide},
  title     = {Unity Artificial Intelligence Programming},
  year      = {2022},
  edition   = {5th},
  publisher = {Packt Publishing},
  address   = {35 Livery Street, Birmingham}
}

